% Encoding: UTF-8

@Misc{legaleua,
  author = {Eric Gakstatter},
  title  = {Is It Legal to Fly Drones for Mapping in the United States?},
  url    = {http://geospatial-solutions.com/part-2-is-it-legal-to-fly-drones-for-mapping-in-the-united-states/},
}

@Misc{legalbr,
  author = {Laís Lis},
  title  = {Anac fixa regras para uso de drones e exige habilitação para equipamentos maiores},
  url    = {https://g1.globo.com/economia/noticia/anac-libera-uso-de-drones-sera-preciso-habilitacao-para-equipamentos-maiores.ghtml},
}

@Misc{dronesontherise,
  author = {Colin Snow},
  title  = {Drone Analist: The Truth About Drones in Mapping and Surveying},
  url    = {http://droneanalyst.com/2016/07/27/the-truth-about-drones-in-mapping-and-surveying},
}

@Misc{dronedeployreport,
  title = {DroneDeploy: Commercial Drone Industry Trends},
  url   = {https://cdn2.hubspot.net/hubfs/530284/10M_Acre_Report_2017_.pdf?blog},
}

@Comment{jabref-meta: databaseType:bibtex;}
